%%
%% Arquivo de referências bibliográficas.
%%

@incollection{andersson2009modeling,
	title={Modeling dimensions of self-adaptive software systems},
	author={Andersson, Jesper and De Lemos, Rogerio and Malek, Sam and Weyns, Danny},
	booktitle={Software engineering for self-adaptive systems},
	pages={27--47},
	year={2009},
	publisher={Springer}
}

@incollection{brun2009engineering,
	title={Engineering self-adaptive systems through feedback loops},
	author={Brun, Yuriy and Serugendo, Giovanna Di Marzo and Gacek, Cristina and Giese, Holger and Kienle, Holger and Litoiu, Marin and M{\"u}ller, Hausi and Pezz{\`e}, Mauro and Shaw, Mary},
	booktitle={Software engineering for self-adaptive systems},
	pages={48--70},
	year={2009},
	publisher={Springer}
}

@article{kephart2003vision,
	title={The vision of autonomic computing},
	author={Kephart, Jeffrey O and Chess, David M},
	journal={Computer},
	volume={36},
	number={1},
	pages={41--50},
	year={2003},
	publisher={IEEE}
}

@inproceedings{souza2012requirement,
	title={(Requirement) evolution requirements for adaptive systems},
	author={Souza, V{\'\i}tor E Silva and Lapouchnian, Alexei and Mylopoulos, John},
	booktitle={Proceedings of the 7th International Symposium on Software Engineering for Adaptive and Self-Managing Systems},
	pages={155--164},
	year={2012},
	organization={IEEE Press}
}

@phdthesis{tesevitor,
	title={Requirements-based software system adaptation},
	author={Silva Souza, V{\'\i}tor Est{\^e}v{\~a}o},
	year={2012},
	school={University of Trento}
}