%%
%% Arquivo de referências bibliográficas.
%%




@techreport{lima-pg15,
 title = {{SAP - Sistema de Apoio ao Professor}},
 author = {Lima, Luiz Vitor França},
 institution = {Projeto de Graduação, Departamento de Informática, Universidade Federal do Espírito Santo},
 year = {2015}
}


